@working_paper{Cardoso2020,
   author = {Kleber Vieira Cardoso and Cristiano Bonato Both and Lúcio Rene Prade and Ciro J. A. Macedo and Victor Hugo L. Lopes},
   month = {6},
   title = {A softwarized perspective of the 5G networks},
   url = {http://arxiv.org/abs/2006.10409},
   year = {2020},
}

@article{Redana2020,
   author = {Simone Redana and Ömer Bulakci and Christian Mannweiler and Laurent Gallo and Apostolos Kousaridas and David Navrátil and Anna Tzanakaki and Jesús Gutiérrez and Holger Karl and Peer Hasselmeyer and Anastasius Gavras and Stephanie Parker and Edward. Mutafungwa},
   doi = {10.5281/zenodo.3265031},
   title = {5G PPP Architecture Working Group View on 5G Architecture},
   url = {http://doi.org/10.5281/zenodo.3265031},
   year = {2020},
}

@article{Ahmad2019,
   author = {Ijaz Ahmad and Shahriar Shahabuddin and Tanesh Kumar and Jude Okwuibe and Andrei Gurtov and Mika Ylianttila},
   doi = {10.1109/COMST.2019.2916180},
   issn = {1553-877X},
   issue = {4},
   journal = {IEEE Communications Surveys \& Tutorials},
   keywords = {5G,NFV security,SDN security,cloud security,mobile networks security,privacy,security,security challenges,security solutions},
   month = {10},
   pages = {3682-3722},
   publisher = {Institute of Electrical and Electronics Engineers Inc.},
   title = {Security for 5G and Beyond},
   volume = {21},
   url = {https://ieeexplore.ieee.org/document/8712553/},
   year = {2019},
}

@article{delperal2018,
   author = {Jose A. del Peral-Rosado and Ronald Raulefs and Jose A. Lopez-Salcedo and Gonzalo Seco-Granados},
   doi = {10.1109/COMST.2017.2785181},
   issn = {1553-877X},
   issue = {2},
   journal = {IEEE Communications Surveys \& Tutorials},
   keywords = {5G,Cellular localization,cellular networks,positioning,standard location methods},
   month = {4},
   pages = {1124-1148},
   publisher = {Institute of Electrical and Electronics Engineers Inc.},
   title = {Survey of Cellular Mobile Radio Localization Methods: From 1G to 5G},
   volume = {20},
   url = {https://ieeexplore.ieee.org/document/8226757/},
   year = {2018},
}

@book_section{Yi2012,
   author = {SeungJune Yi and SungDuck Chun and YoungDae Lee and SungJun Park and SungHoon Jung},
   city = {Chichester, UK},
   doi = {10.1002/9781118188545.ch7},
   journal = {Radio Protocols for LTE and LTE-Advanced},
   month = {9},
   pages = {151-158},
   publisher = {John Wiley \& Sons, Ltd},
   title = {Overview of LTE and LTE-Advanced New Features},
   url = {https://onlinelibrary.wiley.com/doi/10.1002/9781118188545.ch7},
   year = {2012},
}

@inproceedings{Miah2002,
   author = {A. Miah and K. Tan},
   doi = {10.1109/SCORED.2002.1033099},
   isbn = {0-7803-7565-3},
   journal = {Student Conference on Research and Development},
   pages = {228-232},
   publisher = {IEEE},
   title = {An overview of 3G mobile network infrastructure},
   url = {http://ieeexplore.ieee.org/document/1033099/},
   year = {2002},
}

@article{Zhang2019ASO,
  title={A survey of testing for 5G: Solutions, opportunities, and challenges},
  author={Ping Zhang and Xiaoli Yang and Jianqiao Chen and Yu-zhen Huang},
  journal={China Communications},
  year={2019},
  volume={16},
  pages={69-85}
}

@working_paper{Dominato2021,
   author = {Lucas Baleeiro Dominato and Henrique Carvalho de Resende and Cristiano Bonato Both and Johann M. Marquez-Barja and Bruno O. Silvestre and Kleber V. Cardoso},
   keywords = {5G Core,Index Terms-NG-RAN,NAS,NGAP},
   month = {12},
   title = {Tutorial on communication between access networks and the 5G core},
   url = {http://arxiv.org/abs/2112.04257},
   year = {2021},
}

@book_section{Bertolino2003,
   author = {Antonia Bertolino},
   doi = {10.1007/3-540-36498-6_1},
   journal = {LNCS},
   pages = {1-21},
   title = {Software Testing Research and Practice},
   volume = {2589},
   url = {http://link.springer.com/10.1007/3-540-36498-6_1},
   year = {2003},
}

@article{IEEE.Standard.Glossary,
   author = {Jane Radatz and Anne Geraci and Freny Katki},
   doi = {10.1109/ieeestd.1990.101064},
   journal = {IEEE Std 610.12-1990},
   keywords = {Software engineering,definitions,dictionary,glossary,terminology},
   pages = {1-84},
   title = {IEEE Standard Glossary of Software Engineering Terminology},
   year = {1990},
}


@article{Sarikaya1989,
   author = {Behçet Sarikaya},
   doi = {10.1016/0169-7552(89)90004-4},
   issn = {01697552},
   issue = {2},
   journal = {Computer Networks and ISDN Systems},
   keywords = {Communication Protocols,Conformance Test-ing,Formal Protocol Specification,Open Systems Interconnection,Test Architectures,Test Sequences},
   month = {7},
   pages = {111-126},
   title = {Conformance testing: Architectures and test sequences},
   volume = {17},
   url = {https://linkinghub.elsevier.com/retrieve/pii/0169755289900044},
   year = {1989},
}

@article{Rayner1987,
   author = {D. Rayner},
   doi = {10.1016/0169-7552(87)90087-0},
   issn = {01697552},
   issue = {1},
   journal = {Computer Networks and ISDN Systems},
   keywords = {Confor-mance Testing,OSI,Open Systems Interconnection,Protocols,Test Methods,Test Suite Design},
   month = {1},
   pages = {79-98},
   title = {OSI conformance testing},
   volume = {14},
   url = {https://linkinghub.elsevier.com/retrieve/pii/0169755287900870},
   year = {1987},
}

@inproceedings{Lee2021,
  title={Realizing 5G Network Slicing Provisioning with Open Source Software},
  author={Lee, Kuan-Lin and Lee, Chung-Nan and Lee, Ming-Feng},
  booktitle={2021 Asia-Pacific Signal and Information Processing Association Annual Summit and Conference (APSIPA ASC)},
  pages={1923--1930},
  year={2021},
  organization={IEEE}
}

@article{Rojko2017,
   author = {Andreja Rojko},
   doi = {10.3991/ijim.v11i5.7072},
   issn = {1865-7923},
   issue = {5},
   journal = {International Journal of Interactive Mobile Technologies (iJIM)},
   keywords = {Cyber-Physical Systems,Enterprise-Resource- Planning,Industry 4.0,Manufacturing Execution System},
   month = {7},
   pages = {77},
   publisher = {International Association of Online Engineering},
   title = {Industry 4.0 Concept: Background and Overview},
   volume = {11},
   url = {http://online-journals.org/index.php/i-jim/article/view/7072},
   year = {2017},
}
